<record><leader>00000cas a22000007a 4500</leader><controlfield tag="001">20458410</controlfield><controlfield tag="008">891009d188u1949mduwr ne      0    0eng d</controlfield><datafield ind1=" " ind2=" " tag="010"><subfield code="a">sn 89060174 </subfield></datafield><datafield ind1=" " ind2=" " tag="040"><subfield code="a">MFN</subfield><subfield code="b">eng</subfield><subfield code="c">MFN</subfield><subfield code="d">OCLCQ</subfield></datafield><datafield ind1=" " ind2=" " tag="042"><subfield code="a">msc</subfield></datafield><datafield ind1="0" ind2=" " tag="130"><subfield code="a">Mountain Democrat (Oakland, Md.)</subfield></datafield><datafield ind1="1" ind2="0" tag="245"><subfield code="a">Mountain Democrat.</subfield></datafield><datafield ind1=" " ind2=" " tag="260"><subfield code="a">Oakland, Garrett County, Md. :</subfield><subfield code="b">J.B. Fay</subfield></datafield><datafield ind1=" " ind2=" " tag="300"><subfield code="a">v.</subfield></datafield><datafield ind1=" " ind2=" " tag="310"><subfield code="a">Weekly</subfield></datafield><datafield ind1="0" ind2=" " tag="362"><subfield code="a">-v. 71, no. 21 (Aug. 4, 1949).</subfield></datafield><datafield ind1=" " ind2=" " tag="588"><subfield code="a">Description based on: Vol. 10, no. 3 (Jan. 14, 1887).</subfield></datafield><datafield ind1=" " ind2=" " tag="752"><subfield code="a">United States</subfield><subfield code="b">Maryland</subfield><subfield code="c">Garrett</subfield><subfield code="d">Oakland.</subfield></datafield><datafield ind1="0" ind2="0" tag="780"><subfield code="t">Democrat (Oakland, Md.)</subfield><subfield code="w">(DLC)sn 89060175</subfield></datafield><datafield ind1="0" ind2="0" tag="785"><subfield code="t">Mountain Democrat news</subfield><subfield code="w">(DLC)sn 90057020</subfield></datafield><datafield ind1="1" ind2=" " tag="029"><subfield code="a">AU@</subfield><subfield code="b">000025847686</subfield></datafield></record>